
@book{bib1,
   title = {Machine Learning},
   author = {Tom Mitchell},
   publisher={McGraw Hill},
   year = {1998}
}

@article{cttrongnuoc,
author = {Trương Thanh Như and Trần Thị Điểm},
title = {Thiết kế SOPC cho ứng dụng nhận dạng mặt người dùng thuật toán WMPCA},
publisher={	Tạp chí Phát triển Khoa học và Công nghệ/Journal of Science and Technology Development},
note = {ISSN: 1859-0128},
year = {2011}
}

@inproceedings{ctquocte1, 
author = {Aikaterini Servou},
title = {Implementation of a face detection algorithm on a reconfigurable platform},
journal = {Institutional Repository - Library & Information Centre - University of Thessaly},
doi={15/05/2019 11:15:48 EEST - 203.205.32.236}
}

@inproceedings{ctquocte2,
author = {Mondol, Raktim and Khan, Md and Hye, A. K. and Hassan, Asif},
year = {2015},
month = {03},
pages = {1-5},
title = {Hardware architecture design of face recognition system based on FPGA},
doi = {10.1109/ICIIECS.2015.7193228}
}

@article{genetic, 
author = {Jun Zhang and Yong Yan and M. Lades},
title = {Face recognition: eigenface, elastic matching, and neural nets},
journal = {Proceedings of the IEEE},
volume = {85},
number={9},
pages = {1423-1435},
year = {1997}
}

@article{eigen, 
author = {Kwok-Wai Wong and Kin-Man Lam and Wan-Chi Siu},
title = {An efficient algorithm for human face detection and facial feature extraction under},
journal = {Pattern Recognition Society},
volume = {34},
number={10},
pages = {1993-2004},
year = {2001}
}

@misc{zedboard,
author = {V. Nguyễn},
title = {Bo mạch phát triển Zedboard},
howpublished = {[Online]  Available: \url{http://dientuthongminh.blogspot.com/2018/03/bo-mach-phat-trien-zedboard.html}},
note = {Accessed: 10-May-2019}
}

@misc{dataset,
author = {},
title = {Face Recognition Homepage - Databases},
howpublished = {[Online]  Available: \url{http://www.face-rec.org/databases}},
note = {Accessed: 10-May-2019}
}

@misc{peta,
author = {},
title = {PetaLinux Tools},
publisher={Xilinx},
howpublished = {[Online]  Available: \url{https://www.xilinx.com/products/design-tools/embedded-software/petalinux-sdk.html}},
note = {Accessed: 10-May-2019}
}

@INPROCEEDINGS{sosanh, 
author={P. {Jaturawat} and M. {Phankokkruad}}, 
booktitle={2016 6th IEEE International Conference on Control System, Computing and Engineering (ICCSCE)}, 
title={An evaluation of face recognition algorithms and accuracy based on video in unconstrained factors}, 
year={2016}, 
volume={}, 
number={}, 
pages={240-244}, 
keywords={eigenvalues and eigenfunctions;face recognition;statistical analysis;video signal processing;face recognition algorithms;unconstrained factors;video;biometric personal identification;still image;human face;reference database;class attendance recording system deployment;uncontrolled environments;eigenfaces;Fisherfaces;LBPH;negative light exposure;high noise level;statistical approach;Face recognition;Face;Testing;Databases;Cameras;Face detection;Classification algorithms;Face recognition;Eigenfaces;Fisherfaces;LBPH;comparative study}, 
doi={10.1109/ICCSCE.2016.7893578}, 
ISSN={}, 
month={Nov},}
@misc{sdkdebugopencv,
author = {},
title = {Debugging an OpenCV Application},
publisher={Xilinx},
howpublished = {[Online]  Available: \url{https://www.xilinx.com/html_docs/xilinx2018_3/SDK_Doc/SDK_tasks/task_runninganopencvapplicationonatarget.html}},
note = {Accessed: 10-May-2019}
}
@misc{peta1,
author = {},
title = {PetaLinux SDK User Guide: Installation Guide (UG976)},
publisher={Xilinx},
howpublished = {[Online]  Available: \url{https://www.xilinx.com/support/documentation/sw_manuals/petalinux2013_10/ug976-petalinux-installation.pdf}},
note = {Accessed: 10-May-2019}
}
@misc{peta2,
author = {},
title = {PetaLinux SDK User Guide: Getting Started Guide (UG977)},
publisher={Xilinx},
howpublished = {[Online]  Available: \url{https://www.xilinx.com/support/documentation/sw_manuals/petalinux2013_04/ug977-petalinux-getting-started.pdf}},
note = {Accessed: 10-May-2019}
}
@misc{peta3,
author = {},
title = {PetaLinux Tools User Guide: Board Bringup Guide (UG980)},
publisher={Xilinx},
howpublished = {[Online]  Available: \url{https://www.xilinx.com/support/documentation/sw_manuals/petalinux2014_2/ug980-petalinux-board-bringup.pdf}},
note = {Accessed: 10-May-2019}
}
@misc{peta4,
author = {},
title = {PetaLinux Tools Documentation: Reference Guide (UG1144)},
publisher={Xilinx},
howpublished = {[Online]  Available: \url{https://www.xilinx.com/support/documentation/sw_manuals/xilinx2018_1/ug1144-petalinux-tools-reference-guide.pdf}},
note = {Accessed: 10-May-2019}
}
@misc{sd1,
author = {},
title = {Getting Started With Embedded Linux - Zedboard},
publisher={Digilentinc.com},
howpublished = {[Online]  Available: \url{https://www.xilinx.com/products/design-tools/embedded-software/petalinux-sdk.html}},
note = {Revision Jan 13, 2013}
}
@misc{sd2,
author = {Terry O'Neal},
title = {How to format SD card for SD boot},
publisher={Xilinx Wiki},
howpublished = {[Online]  Available: \url{https://xilinx-wiki.atlassian.net/wiki/spaces/A/pages/18842385/How+to+format+SD+card+for+SD+boot}},
note = {Last updated: 19-Oct-2018, Accessed: 10-May-2019}
}
@misc{sd3,
author = {Chathura Niroshan},
title = {Installing Ubuntu on Xilinx ZYNQ-7000 AP SoC Using PetaLinux},
publisher={Xilinx},
howpublished = {[Online]  Available: \url{https://medium.com/developments-and-implementations-on-zynq-7000-ap/install-ubuntu-16-04-lts-on-zynq-zc702-using-petalinux-2016-4-e1da902eaff7}},
note = {Last updated: 21-Jun-2018, Accessed: 10-May-2019}
}
@misc{sd4,
author = {},
title = {ZedBoard Hardware User's Guide},
publisher={Xilinx},
howpublished = {[Online]  Available: \url{http://zedboard.org/sites/default/files/documentations/ZedBoard_HW_UG_v2_2.pdf}},
note = {Accessed: 10-May-2019}
}
@misc{sd5,
author = {},
title = {ZedBoard Boot Guide and JTAG Configuration},
publisher={Xilinx},
howpublished = {[Online]  Available: \url{http://islab.soe.uoguelph.ca/sareibi/TEACHING_dr/Xilinx_Boards_dr/ZedBoard_boot_guide_IDS14_1_v1_1.pdf}},
note = {Accessed: 10-May-2019}
}
@misc{sdk1,
author = {},
title = {Using the OpenCV Template Application},
publisher={Xilinx},
howpublished = {[Online]  Available: \url{https://www.xilinx.com/support/documentation/sw_manuals/xilinx14_7/SDK_Doc/tasks/sdk_t_opencv_template.htm}},
note = {Accessed: 10-May-2019}
}
@misc{sdk2,
author = {},
title = {OpenCV Installation},
publisher={Xilinx},
howpublished = {[Online]  Available: \url{https://xilinx-wiki.atlassian.net/wiki/spaces/A/pages/18842363/OpenCV+Installation\#OpenCVInstallation-Prerequisites}},
note = {Accessed: 10-May-2019}
}
@misc{sdk3,
author = {Raj's Blog},
title = {Cross Compiling OpenCV for Xilinx Zynq Arm on Ubuntu Linux OS},
howpublished = {[Online]  Available: \url{http://www.theeureka.net/blog/tag/cross-compile-opencv-for-zynq/?fbclid=IwAR3IJChuDyE8tBNly1x6GYB5iIKkHGcRWT6luu7-ZfolOIDZpcQL6G3NZfY}},
note = {Accessed: 10-May-2019}}

@misc{ffmpeg1,
author = {Hassan Nadeem},
title = {How to Cross-Compile OpenCV with FFmpeg (x264 and xVid) for AR Drone (ARM Processor)},
howpublished = {[Online]  Available: \url{https://hassannadeem.com/blog/2015/04/29/cross-compile-opencv-with-ffmpeg-ar-drone-arm/?fbclid=IwAR2bzcEXAS-8w2pk3aKiDb5lSazt7J5ZEKeN5B3empZR7rCvty8qL754yzc}},
note = {Last updated: 29-Apr-2015, Accessed: 12-May-2019}}

@article{eigenface1,
author = {Matthew Turk and Alex Pentland},
title = {Eigenfaces for Recognition},
journal = {Jounal of Cognitive Neuroscience},
volume={3},
nubmer={1},
year = {year}
}

@inproceedings{eigenface2,
author = {Morizet, Nicolas and Amiel, Frédéric and Hamed, I.D. and Ea, Thomas},
year = {2008},
month = {01},
pages = {865 - 868},
title = {A Comparative Implementation of PCA Face Recognition Algorithm},
doi = {10.1109/ICECS.2007.4511128}
}
@ARTICLE{fisherface1, 
author={P. N. {Belhumeur} and J. P. {Hespanha} and D. J. {Kriegman}}, 
journal={IEEE Transactions on Pattern Analysis and Machine Intelligence}, 
title={Eigenfaces vs. Fisherfaces: recognition using class specific linear projection}, 
year={1997}, 
volume={19}, 
number={7}, 
pages={711-720}, 
keywords={face recognition;pattern classification;eigenfaces;Fisherfaces;face recognition;class specific linear projection;lighting direction insensitivity;facial expression insensitivity;pattern classification;high-dimensional space;3D linear subspace;Lambertian surface;linear discriminant;low-dimensional subspace;linear projection;computational requirements;Face recognition;Light scattering;Lighting;Face detection;Principal component analysis;Shadow mapping;Light sources;Pattern classification;Pixel;Error analysis}, 
doi={10.1109/34.598228}, 
ISSN={0162-8828}, 
month={July},}

@inproceedings{local1,
author = {Ahonen, Timo and Hadid, Abdenour and Pietikäinen, Matti},
year = {2004},
month = {05},
pages = {469-481},
title = {Face Recognition with Local Binary Patterns},
volume = {3021},
doi = {10.1007/978-3-540-24670-1_36}
}

@inproceedings{local2,
author = {Pietikäinen, Matti},
year = {2005},
month = {06},
pages = {115-118},
title = {Image Analysis with Local Binary Patterns},
volume = {3540},
journal = {Lecture Notes in Computer Science},
doi = {10.1007/11499145_13}
}
@article{local3,
author = {Di Huang and Caifeng Shan and Mohsen Ardabilian and Yunhong Wang and Liming Chen},
year = {2011},
pages = {1-17},
title = {Local Binary Patterns and Its Application to Facial Image Analysis: A Survey},
journal = {IEEE Transactions on Systems, Man, and Cybernetics, Part C: Applications and Reviews, Institute of Electrical and Electronics Engineers},
doi = {ff10.1109/TSMCC.2011.2118750}
}

@article{oldcnn1,
author = {K. Fukushima},
title = {Neocognitron: A self-organizing neural network model for a mechanism of pattern recognition unaffected by shift in position},
journal = {Biological cybernetics},
year = {1980}
}

@article{oldcnn2,
author = {Y. LeCun and L. Bottou and Y. Bengio and and P. Haffner},
title = {Gradientbased learning applied to document recognition},
journal = {Proceedings of the IEEE},
year = {1998}
}
